@manual{open-data-census,
    organization = {Open Knowledge Foundation},
    title = {Open Data Census},
    year = 2013,
    howpublished = {\url{http://census.okfn.org/}}
}
@manual{open-data-census-us,
    organization = {Code for America},
    title = {U.S. City Open Data Census},
    year = 2014,
    howpublished = {\url{http://us-city.census.okfn.org/}}
}
@misc{ny-talk,
    author = {Thomas Levine},
    title = {100,000 open data across 100 portal},
    howpublished = {\url{http://thomaslevine.com/!/data-about-open-data-talk-december-2-2013/}},
    year = 2013
}
@misc{data-driven,
    author = {Thomas Levine},
    title = {Open Data had Better be Data-Driven},
    howpublished = {\url{http://thomaslevine.com/!/dataset-as-datapoint}},
    year = 2013
}
@misc{mckinsey,
    author = {James Manyika and Michael Chui and Diana Farrell and Steve Van Kuiken and Peter Groves and Elizabeth Almasi Doshi},
    title = {Open data: Unlocking innovation and performance with liquid information},
    howpublished = {\url{http://www.mckinsey.com/insights/business_technology/open_data_unlocking_innovation_and_performance_with_liquid_information}},
    year = 2013
}
@misc{govlab,
    author = {Beth Simone Noveck},
    title = {From Faith-Based to Evidence-Based: The Open Data 500 and Understanding How Open Data Helps the American Economy},
    year = 2014,
    howpublished = {\url{http://www.forbes.com/sites/bethsimonenoveck/2014/01/08/from-faith-based-to-evidence-based-the-open-data-500-and-understanding-how-open-data-helps-the-american-economy/}}
}
@misc{joel,
    year = 2014,
    author = {Joel Gurin},
    title = {Open Data Now},
    howpublished = {\url{http://www.opendatanow.com/}}
}
@misc{table,
    year = 2013,
    author = {Thomas Levine},
    title = {What's in a table?},
    howpublished = {\url{http://www.datakind.org/blog/whats-in-a-table/}}
}
@misc{appgen,
    year = 2013,
    author = {Thomas Levine and Ashley Williams},
    howpublished = {\url{http://appgen.me/}},
    title = {AppGen}
}
@misc{datapackages,
    howpublished = {\url{http://dataprotocols.org/data-packages/}},
    author = {Rufus Pollock and Matthew Brett and Martin Keegan},
    year = 2013,
    title = {Data Packages}
}
@misc{specialsnowflake,
    title = {special\_snowflake},
    author = {Thomas Levine},
    year = 2014,
    howpublished = {\url{https://pypi.python.org/pypi/special_snowflake}}
}
@misc{zombie,
    author = {Thomas Levine},
    year = 2014,
    howpublished = {\url{http://thomaslevine.com/!/zombie-links/}},
    title = {Zombie links on data catalogs},
}
@misc{dead,
    author = {Thomas Levine},
    year = 2014,
    howpublished = {\url{http://thomaslevine.com/!/data-catalog-dead-links/}},
    title = {Dead links on data catalogs},
}
@misc{updatedness,
    author = {Thomas Levine},
    year = 2014,
    howpublished = {\url{http://thomaslevine.com/!/data-updatedness/}},
    title = {Updating of data catalogs}
}
@misc{licensing,
    author = {Thomas Levine},
    year = 2014,
    howpublished = {\url{http://thomaslevine.com/!/open-data-licensing/}},
    title = {Open data licensing}
}
@misc{file-formats,
    author = {Thomas Levine},
    year = 2014,
    howpublished = {\url{http://thomaslevine.com/!/socrata-formats/}},
    title = {What file formats are on the data portals?}
}
@misc{summary,
    author = {Thomas Levine},
    year = 2014,
    howpublished = {\url{http://thomaslevine.com/!/socrata-summary/}},
    title = {Analyze all the datasets}
}
@misc{sebastopol,
    note = {Open Government Working Group},
    author = {Carl Malamud and Tim O'Reilly and Greg Elin and Micah Sifry and Adrian Holovaty and Daniel X. O'Neil and Michal Migurski and Shawn Allen and Josh Tauberer and Lawrence Lessig and Dan Newman and John Geraci and Edwin Bender and Tom Steinberg and David Moore and Donny Shaw and JL Needham and Joel Hardi and Ethan Zuckerman and Greg Palmer and Jamie Taylor and Bradley Horowitz and Zack Exley and Karl Fogel and Michael Dale and Joseph Lorenzo Hall and Marcia Hofmann and David Orban and Will Fitzpatrick and Aaron Swartz},
    title = {8 Principles of Open Government Data},
    howpublished = {\url{http://www.opengovdata.org/home/8principles}},
    year = 2007
}
@manual{sunlight,
    organization = {Sunlight Foundation},
    title = {Open Data Policy Guidelines},
    howpublished = {\url{http://sunlightfoundation.com/opendataguidelines/}},
    year = 2014
}
@misc{fivestars,
    author = {Tim Berners-Lee},
    year = 2006,
    howpublished = {\url{http://www.w3.org/DesignIssues/LinkedData.html}},
    title = {Linked Data}
}
@manual{odi,
    howpublished = {\url{https://certificates.theodi.org/}},
    title = {Certificates},
    organization = {Open Data Institute},
    year = 2013
}
@misc{emma,
    year = 2013,
    author = {A Date with Nick},
    howpublished = {\url{http://www.newyorker.com/humor/2012/11/19/121119sh_shouts_rudnick}},
    title = {Paul Rudnick}
}
@misc{tidydata,
    author = {Hadley Wickham},
    howpublished = {\url{http://vita.had.co.nz/papers/tidy-data.pdf}},
    title = {Tidy Data}
}
@manual{chopin,
    organization = {Wikipedia},
    title = {{\'E}tude Op. 10, No. 1 (Chopin)},
    howpublished = {\url{http://en.wikipedia.org/wiki/%C3%89tude_Op._10,_No._1_%28Chopin%29}},
}
@manual{whitehouse,
    year = 2013,
    organization = {The White House},
    howpublished = {\url{https://www.youtube.com/watch?v=JwuEnyV1Cb0}},
    title = {Tonight at 9pm EST}
}
@manual{piano,
    organization = {Wikipedia},
    howpublished = {\url{https://en.wikipedia.org/wiki/Piano_key_frequencies}},
    title = {Piano key frequencies}
}
@manual{majorthird,
    organization = {Wikipedia},
    howpublished = {\url{https://en.wikipedia.org/wiki/Major_third}},
    title = {Major third}
}
@techreport{kml,
    institution = {Open Geospatial Consortium Inc.},
    title = {OGCÂ® KML},
    author = {Tim Wilson},
    year = 2008,
    number = {OGC 07-147r2},
    note = {\url{http://portal.opengeospatial.org/files/?artifact_id=27810}}
}
@unpublished{jsonapi,
    author = {Steve Klabnik and Yehuda Katz},
    title = {JSON API: A standard for building APIs in JSON.},
    note = {\url{http://jsonapi.org/}}
}
@manual{apdu,
    title = {Association of Public Data Users Annual Conference},
    howpublished = {\url{http://apdu.org/events/conference/apdu-2013/}},
    author = {Association of Public Data Users},
    year = 2013
}
@manual{amanda,
    howpublished = {\url{https://github.com/amandabee/cunyjdata/wiki/Where-to-Find-Data}},
    title = {Where to Find Data},
    author = {Amanda Hickman},
    year = 2014,
}
@manual{commasearch,
    howpublished = {\url{https://pypi.python.org/pypi/commasearch}},
    author = {Thomas Levine},
    title = {commasearch},
    year = 2014
}
@manual{missouri,
    title = {License-free data in Missouri's data portal},
    howpublished = {\url{http://thomaslevine.com/!/missouri-data-licensing/}},
    year = 2013,
    author = {Thomas Levine}
}
@manual{openprism,
    title = {OpenPrism},
    author = {Thomas Levine},
    year = 2013,
    howpublished = {\url{http://openprism.thomaslevine.com/}}
}
@manual{ferguson,
    howpublished = {\url{http://sonification.de/handbook/index.php/chapters/chapter8}},
    title = {Statistical Sonification for Exploratory Data Analysis},
    author = {Sam Ferguson and William Martens and Densil Cabrera}
}
@manual{fms-about,
    title = {FMS Symphony},
    author = {Brian Abelson and Jake Bialar and Burton DeWilde and Michael Keller and Thomas Levine and Cezary Podkul},
    howpublished = {\url{http://www.bdatafest.computationalreporting.com/projects/fms-symphony}},
    year = 2013
}
@manual{censusspices,
    title = {Making Census Data Taste Like New York City},
    year = 2013,
    author = {Hanna Kang-Brown},
    howpublished = {\url{http://www.npr.org/blogs/codeswitch/2013/07/04/198424045/a-bbq-rub-that-tastes-like-brooklyn}}
}
@book{grammar,
 author = {Leland Wilkinson},
 title = {The Grammar of Graphics},
 year = {2005},
 isbn = {0387245448},
 publisher = {Springer-Verlag New York, Inc.},
 address = {Secaucus, NJ, USA},
} 
@manual{ddr,
    author = {csv soundsystem},
    title = {ddr: Data-driven Rhythms in R},
    year = 2013,
    howpublished = {\url{https://github.com/csv/ddr}}
}
@manual{ddpy,
    author = {csv soundsystem},
    title = {Data music for big data analysis},
    year = 2013,
    howpublished = {\url{https://github.com/csv/ddpy}}
}
@book{tufte,
 author = {Edward R. Tufte},
 title = {The Visual Display of Quantitative Information},
 year = {1986},
 isbn = {0-9613921-0-X},
 publisher = {Graphics Press},
 address = {Cheshire, CT, USA},
} 

